%comment{This file was created with betterbib v3.5.5.}

